@Article{affinity,
title = {Affinity Types},
author = {Intel},
journal = {https://software.intel.com/en-us/node/522691#AFFINITY_TYPES}
}

@Article{opti_alpha_beta,
title = {Des 
Optimisations de 
l'Alpha-BÃ©ta},
author = {Tristan 
Cazenave},
pages* = {7}
}